% Encoding: UTF-8

@article{handcock1993bayesian,
  title={A Bayesian analysis of kriging},
  author={Handcock, Mark S and Stein, Michael L},
  journal={Technometrics},
  volume={35},
  number={4},
  pages={403--410},
  year={1993},
  publisher={Taylor \& Francis Group}
}

@article{gutt2006studies,
    author = {Guttorp, Peter and Gneiting, Tilmann},
    title = "{Studies in the history of probability and statistics XLIX On the Matérn correlation family}",
    journal = {Biometrika},
    volume = {93},
    number = {4},
    pages = {989-995},
    year = {2006},
    month = {12},
    abstract = "{Handcock \\&amp; Stein (1993) introduced the Matérn family of spatial correlations into statistics as a flexible parametric class with one parameter determining the smoothness of the paths of the underlying spatial field. We document the varied history of this family, which includes contributions by eminent physical scientists and statisticians.}",
    issn = {0006-3444},
    doi = {10.1093/biomet/93.4.989},
    url = {https://doi.org/10.1093/biomet/93.4.989},
    eprint = {https://academic.oup.com/biomet/article-pdf/93/4/989/593552/934989.pdf},
}

@Book{Oliver2010,
  title     = {Geostatistical Applications for Precision Agriculture},
  publisher = {Springer Netherlands},
  year      = {2010},
  editor    = {M.A. Oliver},
  doi       = {10.1007/978-90-481-9133-8},
}

@Book{Stafford2013,
  title     = {Precision agriculture {\textquotesingle}13},
  publisher = {Wageningen Academic Publishers},
  year      = {2013},
  editor    = {John V. Stafford},
  month     = jul,
  doi       = {10.3920/978-90-8686-778-3},
}

@Article{Arslan1999,
  author    = {S. Arslan and T. S. Colvin},
  title     = {{LABORATORY} {PERFORMANCE} {OF} A {YIELD} {MONITOR}},
  journal   = {Applied Engineering in Agriculture},
  year      = {1999},
  volume    = {15},
  number    = {3},
  pages     = {189--195},
  doi       = {10.13031/2013.5763},
  publisher = {American Society of Agricultural and Biological Engineers ({ASABE})},
}

@InCollection{Blackmore1996,
  author    = {B. S. Blackmore and C. J. Marshall},
  title     = {Yield Mapping: Errors and Algorithms},
  booktitle = {{ACSESS} publications},
  publisher = {American Society of Agronomy, Crop Science Society of America, Soil Science Society of America},
  year      = {1996},
  doi       = {10.2134/1996.precisionagproc3.c44},
}

@Article{Blackmore1999,
  author    = {Simon Blackmore},
  title     = {Remedial Correction of Yield Map Data},
  journal   = {Precision Agriculture},
  year      = {1999},
  volume    = {1},
  number    = {1},
  pages     = {53--66},
  doi       = {10.1023/a:1009969601387},
  publisher = {Springer Nature},
}

@Article{Ping2005,
  author    = {J. L. Ping and A. Dobermann},
  title     = {Processing of Yield Map Data},
  journal   = {Precision Agriculture},
  year      = {2005},
  volume    = {6},
  number    = {2},
  pages     = {193--212},
  month     = apr,
  doi       = {10.1007/s11119-005-1035-2},
  publisher = {Springer Science and Business Media {LLC}},
}

@PhdThesis{Moore1998,
  author = {Moore, Mark},
  title  = {An investigation into the accuracy of yield maps and their subsequent use in crop management},
  school = {Cranfield University, Silsoe College},
  year   = {1998},
  type   = {phdthesis},
}

@Article{Simbahan2004,
  author    = {G. C. Simbahan and A. Dobermann and J. L. Ping},
  title     = {Screening Yield Monitor Data Improves Grain Yield Maps},
  journal   = {Agronomy Journal},
  year      = {2004},
  volume    = {96},
  number    = {4},
  pages     = {1091},
  doi       = {10.2134/agronj2004.1091},
  publisher = {American Society of Agronomy},
}

@Article{Sudduth2007,
  author    = {Kenneth A. Sudduth and Scott T. Drummond},
  title     = {Yield Editor},
  journal   = {Agronomy Journal},
  year      = {2007},
  volume    = {99},
  number    = {6},
  pages     = {1471},
  doi       = {10.2134/agronj2006.0326},
  publisher = {American Society of Agronomy},
}

@InProceedings{Sudduth2012,
  author    = {Kenneth A Sudduth and Scott T Drummond and D Brenton Myers},
  title     = {Yield Editor 2.0: Software for Automated Removal of Yield Map Errors},
  booktitle = {2012 Dallas, Texas, July 29 - August 1, 2012},
  year      = {2012},
  publisher = {American Society of Agricultural and Biological Engineers},
  doi       = {10.13031/2013.41893},
}

@Article{Lyle2013,
  author    = {G. Lyle and B. A. Bryan and B. Ostendorf},
  title     = {Post-processing methods to eliminate erroneous grain yield measurements: review and directions for future development},
  journal   = {Precision Agriculture},
  year      = {2013},
  volume    = {15},
  number    = {4},
  pages     = {377--402},
  month     = nov,
  doi       = {10.1007/s11119-013-9336-3},
  publisher = {Springer Science and Business Media {LLC}},
}

@InProceedings{Spekken2013,
  author    = {Spekken Mark and Anselmi Adriano and Molin Jose},
  title     = {A simple method for filtering spatial data},
  booktitle = {Precision agriculture{\textquoteright}13 (pp. 259-266)},
  year      = {2013},
  month     = jul,
  journal   = {Precision Agriculture 2013 - Papers Presented at the 9\textsuperscript{th} European Conference on Precision Agriculture, ECPA 2013},
}

@Article{Leroux2019,
  author    = {Corentin Leroux and Haza{\"{e}}l Jones and Anthony Clenet and Bruno Tisseyre},
  title     = {Knowledge discovery and unsupervised detection of within-field yield defective observations},
  journal   = {Computers and Electronics in Agriculture},
  year      = {2019},
  volume    = {156},
  pages     = {645--659},
  month     = jan,
  doi       = {10.1016/j.compag.2018.12.024},
  publisher = {Elsevier {BV}},
}

@Article{Aguinis2013,
  author    = {Herman Aguinis and Ryan K. Gottfredson and Harry Joo},
  title     = {Best-Practice Recommendations for Defining, Identifying, and Handling Outliers},
  journal   = {Organizational Research Methods},
  year      = {2013},
  volume    = {16},
  number    = {2},
  pages     = {270--301},
  month     = jan,
  doi       = {10.1177/1094428112470848},
  publisher = {{SAGE} Publications},
}

@Article{Leroux2018,
  author    = {Corentin Leroux and Haza{\"{e}}l Jones and Anthony Clenet and Benoit Dreux and Maxime Becu and Bruno Tisseyre},
  title     = {A general method to filter out defective spatial observations from yield mapping datasets},
  journal   = {Precision Agriculture},
  year      = {2018},
  volume    = {19},
  number    = {5},
  pages     = {789--808},
  month     = jan,
  doi       = {10.1007/s11119-017-9555-0},
  publisher = {Springer Nature},
}

@Article{Vega2019,
  author    = {Andr{\'{e}}s Vega and Mariano C{\'{o}}rdoba and Mauricio Castro-Franco and M{\'{o}}nica Balzarini},
  title     = {Protocol for automating error removal from yield maps},
  journal   = {Precision Agriculture},
  year      = {2019},
  month     = jan,
  doi       = {10.1007/s11119-018-09632-8},
  publisher = {Springer Nature},
}

@Conference{Thylen2000,
  author    = {Thyl{\'{e}}n, L. and Algerbo, P. A. and Giebel, A.},
  title     = {An expert filter removing erroneous yield data.},
  booktitle = {Proceedings of the 5\textsuperscript{th} International Conference on Precision Agriculture, Bloomington, Minnesota, USA, 16-19 July, 2000.},
  year      = {2000},
  editor    = {Robert, P. C. and Rust, R. H. and Larson, W. E.},
  pages     = {1--9},
  address   = {Madison, USA},
  publisher = {American Society of Agronomy},
}

@Article{Bachmaier2010,
  author    = {Martin Bachmaier},
  title     = {A Yield Mapping Procedure Based on Robust Fitting Paraboloid Cones on Moving Elliptical Neighborhoods and the Determination of Their Size Using a Robust Variogram},
  journal   = {Positioning},
  year      = {2010},
  volume    = {01},
  number    = {01},
  pages     = {27--41},
  doi       = {10.4236/pos.2010.11004},
  publisher = {Scientific Research Publishing, Inc,},
}

@Article{Bachmaier2007,
  author    = {Martin Bachmaier},
  title     = {Using a robust variogram to find an adequate butterfly neighborhood size for one-step yield mapping using robust fitting paraboloid cones},
  journal   = {Precision Agriculture},
  year      = {2007},
  volume    = {8},
  number    = {1-2},
  pages     = {75--93},
  month     = feb,
  doi       = {10.1007/s11119-006-9030-9},
  publisher = {Springer Science and Business Media {LLC}},
}

@InCollection{Noack2003,
  author    = {Noack P and Muhr T and Demmel M},
  title     = {An algorithm for automatic detection and elimination of defective yield data.},
  booktitle = {Precision Agriculture, 3},
  publisher = {Wageningen Academic Publishers},
  year      = {2003},
  pages     = {445--450},
}

@Article{Blackmore2003,
  author    = {Simon Blackmore and Richard J Godwin and Spyros Fountas},
  title     = {The Analysis of Spatial and Temporal Trends in Yield Map Data over Six Years},
  journal   = {Biosystems Engineering},
  year      = {2003},
  volume    = {84},
  number    = {4},
  pages     = {455--466},
  month     = apr,
  doi       = {10.1016/s1537-5110(03)00038-2},
  publisher = {Elsevier {BV}},
}

@Article{Han1997,
  author    = {S. Han and S. M. Schneider and S. L. Rawlins and R. G. Evans},
  title     = {A {BITMAP} {METHOD} {FOR} {DETERMINING} {EFFECTIVE} {COMBINE} {CUT} {WIDTH} {IN} {YIELD} {MAPPING}},
  journal   = {Transactions of the {ASAE}},
  year      = {1997},
  volume    = {40},
  number    = {2},
  pages     = {485--490},
  doi       = {10.13031/2013.21267},
  publisher = {American Society of Agricultural and Biological Engineers ({ASABE})},
}

@Article{Miller1988,
  author    = {Michelle P. Miller and Michael J. Singer and Donald R. Nielsen},
  title     = {Spatial Variability of Wheat Yield and Soil Properties on Complex Hills},
  journal   = {Soil Science Society of America Journal},
  year      = {1988},
  volume    = {52},
  number    = {4},
  pages     = {1133},
  doi       = {10.2136/sssaj1988.03615995005200040045x},
  publisher = {Soil Science Society of America},
}

@Book{Council1997,
  title     = {Precision Agriculture in the 21st Century},
  publisher = {National Academies Press},
  year      = {1997},
  author    = {National Research Council},
  month     = {jan},
  doi       = {10.17226/5491},
}

@Article{Schimmelpfennig2016a,
  author  = {Schimmelpfennig, D},
  title   = {Farm profits and adoption of precision agriculture (No. 249773). United States Department of Agriculture},
  journal = {Economic Research Service},
  year    = {2016},
}

@Article{Burks2004,
  author    = {T. F. Burks and S. A. Shearer and J. P. Fulton and C. J. Sobolik},
  title     = {{EFFECTS} {OF} {TIME}-{VARYING} {INFLOW} {RATES} {ON} {COMBINE} {YIELD} {MONITOR} {ACCURACY}},
  journal   = {Applied Engineering in Agriculture},
  year      = {2004},
  volume    = {20},
  number    = {3},
  pages     = {269--275},
  doi       = {10.13031/2013.16060},
  publisher = {American Society of Agricultural and Biological Engineers ({ASABE})},
}

@Article{Fulton2009,
  author    = {J. P. Fulton and C. J. Sobolik and S. A. Shearer and S. F. Higgins and T. F. Burks},
  title     = {Grain Yield Monitor Flow Sensor Accuracy for Simulated Varying Field Slopes},
  journal   = {Applied Engineering in Agriculture},
  year      = {2009},
  volume    = {25},
  number    = {1},
  pages     = {15--21},
  doi       = {10.13031/2013.25425},
  publisher = {American Society of Agricultural and Biological Engineers ({ASABE})},
}

@Article{Grisso2002,
  author    = {R. D. Grisso and P. J. Jasa and M. A. Schroeder and J. C. Wilcox},
  title     = {{YIELD} {MONITOR} {ACCURACY}: {SUCCESSFUL} {FARMING} {MAGAZINE} {CASE} {STUDY}},
  journal   = {Applied Engineering in Agriculture},
  year      = {2002},
  volume    = {18},
  number    = {2},
  doi       = {10.13031/2013.7775},
  publisher = {American Society of Agricultural and Biological Engineers ({ASABE})},
}

@Article{Hemming2005,
  author    = {N. Hemming and J. Chaplin},
  title     = {{DETERMINING} {LAG} {TIME} {FOR} {MASS} {FLOW} {IN} A {COMBINE} {HARVESTER}},
  journal   = {Transactions of the {ASAE}},
  year      = {2005},
  volume    = {48},
  number    = {2},
  pages     = {823--829},
  doi       = {10.13031/2013.18305},
  publisher = {American Society of Agricultural and Biological Engineers ({ASABE})},
}

@InProceedings{Schuster2017,
  author        = {Schuster, Jason N and Darr, Matthew J and McNaull, Robert P},
  title         = {Performance benchmark of yield monitors for mechanical and environmental influences},
  booktitle     = {2017 ASABE Annual International Meeting},
  year          = {2017},
  pages         = {1},
  organization  = {American Society of Agricultural and Biological Engineers},
  __markedentry = {[luis:]},
}

@PhdThesis{Lyle2010,
  author  = {Gregory Maxwell Lyle},
  title   = {"I can’t be green if I’m in the red": combining precision agriculture and remote sensing technologies for sub field and regional decision making.},
  school  = {University of Adelaide, School of Earth and Environmental Sciences},
  year    = {2010},
  type    = {phdthesis},
  address = {http://hdl.handle.net/2440/63426},
  url     = {http://hdl.handle.net/2440/63426},
}

@Article{Drummond1999,
  author    = {S. T. Drummond and C. W. Fraisse and K. A. Sudduth},
  title     = {{COMBINE} {HARVEST} {AREA} {DETERMINATION} {BY} {VECTOR} {PROCESSING} {OF} {GPS} {POSITION} {DATA}},
  journal   = {Transactions of the {ASAE}},
  year      = {1999},
  volume    = {42},
  number    = {5},
  pages     = {1221--1228},
  doi       = {10.13031/2013.13287},
  publisher = {American Society of Agricultural and Biological Engineers ({ASABE})},
}

@Book{Cressie1993,
  title     = {Statistics for Spatial Data},
  publisher = {John Wiley {\&} Sons, Inc.},
  year      = {1993},
  author    = {Noel A. C. Cressie},
  month     = {sep},
  doi       = {10.1002/9781119115151},
}

@Article{McCullagh2006,
  author    = {Peter McCullagh and David Clifford},
  title     = {Evidence for conformal invariance of crop yields},
  journal   = {Proceedings of the Royal Society A: Mathematical, Physical and Engineering Sciences},
  year      = {2006},
  volume    = {462},
  number    = {2071},
  pages     = {2119--2143},
  month     = {feb},
  doi       = {10.1098/rspa.2006.1667},
  publisher = {The Royal Society},
}

@Article{Besag2005,
  author    = {Julian Besag and Debashis Mondal},
  title     = {First-order intrinsic autoregressions and the de Wijs process},
  journal   = {Biometrika},
  year      = {2005},
  volume    = {92},
  number    = {4},
  pages     = {909--920},
  month     = {dec},
  doi       = {10.1093/biomet/92.4.909},
  publisher = {Oxford University Press ({OUP})},
}

@Article{Dutta2014,
  author    = {Somak Dutta and Debashis Mondal},
  title     = {Anh-likelihood method for spatial mixed linear models based on intrinsic auto-regressions},
  journal   = {Journal of the Royal Statistical Society: Series B (Statistical Methodology)},
  year      = {2014},
  volume    = {77},
  number    = {3},
  pages     = {699--726},
  month     = {sep},
  doi       = {10.1111/rssb.12084},
  publisher = {Wiley},
}

@Article{Zhou2010,
  author    = {Xiaobo Zhou and Matthew J. Helmers and Heidi Asbjornsen and Randy Kolka and Mark D. Tomer},
  title     = {Perennial Filter Strips Reduce Nitrate Levels in Soil and Shallow Groundwater after Grassland-to-Cropland Conversion},
  journal   = {Journal of Environment Quality},
  year      = {2010},
  volume    = {39},
  number    = {6},
  pages     = {2006},
  doi       = {10.2134/jeq2010.0151},
  publisher = {American Society of Agronomy},
}

@Article{Schulte2017,
  author    = {Lisa A. Schulte and Jarad Niemi and Matthew J. Helmers and Matt Liebman and J. Gordon Arbuckle and David E. James and Randall K. Kolka and Matthew E. O'Neal and Mark D. Tomer and John C. Tyndall and Heidi Asbjornsen and Pauline Drobney and Jeri Neal and Gary Van Ryswyk and Chris Witte},
  title     = {Prairie strips improve biodiversity and the delivery of multiple ecosystem services from corn{\textendash}soybean croplands},
  journal   = {Proceedings of the National Academy of Sciences},
  year      = {2017},
  volume    = {114},
  number    = {42},
  pages     = {11247--11252},
  month     = {oct},
  doi       = {10.1073/pnas.1620229114},
  publisher = {Proceedings of the National Academy of Sciences},
}

@Manual{RCT2019,
  title        = {R: A Language and Environment for Statistical Computing},
  author       = {{R Core Team}},
  organization = {R Foundation for Statistical Computing},
  address      = {Vienna, Austria},
  year         = {2019},
  url          = {https://www.R-project.org/},
}

@Manual{Bivand2019,
  title  = {rgeos: Interface to Geometry Engine - Open Source ('GEOS')},
  author = {Roger Bivand and Colin Rundel},
  year   = {2019},
  note   = {R package version 0.4-3},
  url    = {https://CRAN.R-project.org/package=rgeos},
}

@Manual{Corporation2018,
  title  = {doParallel: Foreach Parallel Adaptor for the 'parallel' Package},
  author = {Microsoft Corporation and Steve Weston},
  year   = {2018},
  note   = {R package version 1.0.14},
  url    = {https://CRAN.R-project.org/package=doParallel},
}

@Manual{Microsoft2017,
  title  = {foreach: Provides Foreach Looping Construct for R},
  author = {{Microsoft} and Steve Weston},
  year   = {2017},
  note   = {R package version 1.4.4},
  url    = {https://CRAN.R-project.org/package=foreach},
}

@Article{Graeler2016,
  author  = {Benedikt Gr{\"a}ler and Edzer Pebesma and Gerard Heuvelink},
  title   = {Spatio-Temporal Interpolation using gstat},
  journal = {The R Journal},
  year    = {2016},
  volume  = {8},
  pages   = {204-218},
  issue   = {1},
  url     = {https://journal.r-project.org/archive/2016/RJ-2016-014/index.html},
}

@Book{Bivand2013,
  title     = {Applied spatial data analysis with {R}, Second edition},
  publisher = {Springer, NY},
  year      = {2013},
  author    = {Roger S. Bivand and Edzer Pebesma and Virgilio Gomez-Rubio},
  url       = {http://www.asdar-book.org/},
}

@Article{Pebesma2005,
  author  = {Edzer J. Pebesma and Roger S. Bivand},
  title   = {Classes and methods for spatial data in {R}},
  journal = {R News},
  year    = {2005},
  volume  = {5},
  number  = {2},
  pages   = {9--13},
  month   = {November},
  url     = {https://CRAN.R-project.org/doc/Rnews/},
}

@Article{Pebesma2004,
  author  = {Edzer J. Pebesma},
  title   = {Multivariable geostatistics in {S}: the gstat package},
  journal = {Computers \& Geosciences},
  year    = {2004},
  volume  = {30},
  pages   = {683-691},
}

@Article{Ross2008,
  author    = {K. W. Ross and D. K. Morris and C. J. Johannsen},
  title     = {A Review of Intra-Field Yield Estimation from Yield Monitor Data},
  journal   = {Applied Engineering in Agriculture},
  year      = {2008},
  volume    = {24},
  number    = {3},
  pages     = {309--317},
  doi       = {10.13031/2013.24496},
  publisher = {American Society of Agricultural and Biological Engineers ({ASABE})},
}

@Article{Arslan2002,
  author    = {Selcuk Arslan and Thomas S. Colvin},
  title     = {Grain Yield Mapping: Yield Sensing, Yield Reconstruction, and Errors},
  journal   = {Precision Agriculture},
  year      = {2002},
  volume    = {3},
  number    = {2},
  pages     = {135--154},
  doi       = {10.1023/a:1013819502827},
  publisher = {Springer Nature},
}

@Article{Cressie2008,
  author    = {Noel Cressie and Gardar Johannesson},
  title     = {Fixed rank kriging for very large spatial data sets},
  journal   = {Journal of the Royal Statistical Society: Series B (Statistical Methodology)},
  year      = {2008},
  volume    = {70},
  number    = {1},
  pages     = {209--226},
  month     = {jan},
  doi       = {10.1111/j.1467-9868.2007.00633.x},
  publisher = {Wiley},
}

@Article{Shi2007,
  author    = {Tao Shi and Noel Cressie},
  title     = {Global statistical analysis of {MISR} aerosol data: a massive data product from {NASA}{\textquotesingle}s Terra satellite},
  journal   = {Environmetrics},
  year      = {2007},
  volume    = {18},
  number    = {7},
  pages     = {665--680},
  doi       = {10.1002/env.864},
  publisher = {Wiley},
}

@Article{Nguyen2012,
  author    = {Hai Nguyen and Noel Cressie and Amy Braverman},
  title     = {Spatial Statistical Data Fusion for Remote Sensing Applications},
  journal   = {Journal of the American Statistical Association},
  year      = {2012},
  volume    = {107},
  number    = {499},
  pages     = {1004--1018},
  month     = {sep},
  doi       = {10.1080/01621459.2012.694717},
  publisher = {Informa {UK} Limited},
}

@Article{Nguyen2014,
  author    = {Hai Nguyen and Matthias Katzfuss and Noel Cressie and Amy Braverman},
  title     = {Spatio-Temporal Data Fusion for Very Large Remote Sensing Datasets},
  journal   = {Technometrics},
  year      = {2014},
  volume    = {56},
  number    = {2},
  pages     = {174--185},
  month     = {apr},
  doi       = {10.1080/00401706.2013.831774},
  publisher = {Informa {UK} Limited},
}

@Article{Katzfuss2011,
  author    = {Matthias Katzfuss and Noel Cressie},
  title     = {Spatio-temporal smoothing and {EM} estimation for massive remote-sensing data sets},
  journal   = {Journal of Time Series Analysis},
  year      = {2011},
  volume    = {32},
  number    = {4},
  pages     = {430--446},
  month     = {may},
  doi       = {10.1111/j.1467-9892.2011.00732.x},
  publisher = {Wiley},
}

@Article{Nduhura-Munga2013,
  author    = {Justin Nduhura-Munga and Gloria Rodriguez-Verjan and Stephane Dauzere-Peres and Claude Yugma and Philippe Vialletelle and Jacques Pinaton},
  title     = {A Literature Review on Sampling Techniques in Semiconductor Manufacturing},
  journal   = {{IEEE} Transactions on Semiconductor Manufacturing},
  year      = {2013},
  volume    = {26},
  number    = {2},
  pages     = {188--195},
  month     = {may},
  doi       = {10.1109/tsm.2013.2256943},
  publisher = {Institute of Electrical and Electronics Engineers ({IEEE})},
}

@Article{Hsu1977,
  author    = {John I.S. Hsu},
  title     = {A Cost Model for Skip-lot Destructive Sampling},
  journal   = {{IEEE} Transactions on Reliability},
  year      = {1977},
  volume    = {R-26},
  number    = {1},
  pages     = {70--72},
  month     = {apr},
  doi       = {10.1109/tr.1977.5215081},
  publisher = {Institute of Electrical and Electronics Engineers ({IEEE})},
}

@Article{Suresh2016,
  author    = {K. K. Suresh and S. Umamaheswari},
  title     = {Designing of Bayesian Skip Lot Sampling Plan under Destructive Testing},
  journal   = {Journal of Modern Applied Statistical Methods},
  year      = {2016},
  volume    = {15},
  number    = {2},
  pages     = {703--722},
  month     = {nov},
  doi       = {10.22237/jmasm/1478003940},
  publisher = {Wayne State University Library System},
}

@Article{Phelps1982,
  author    = {R.I. Phelps},
  title     = {Skip-lot Destructive Sampling with Bayesian Inference},
  journal   = {{IEEE} Transactions on Reliability},
  year      = {1982},
  volume    = {R-31},
  number    = {2},
  pages     = {191--193},
  month     = {jun},
  doi       = {10.1109/tr.1982.5221295},
  publisher = {Institute of Electrical and Electronics Engineers ({IEEE})},
}

@Article{TUCKER1980,
  author    = {COMPTON J. TUCKER},
  title     = {A critical review of remote sensing and other methods for non-destructive estimation of standing crop biomass},
  journal   = {Grass and Forage Science},
  year      = {1980},
  volume    = {35},
  number    = {3},
  pages     = {177--182},
  month     = {sep},
  doi       = {10.1111/j.1365-2494.1980.tb01509.x},
  publisher = {Wiley},
}

@Article{Wardlow2008,
  author    = {Brian D. Wardlow and Stephen L. Egbert},
  title     = {Large-area crop mapping using time-series {MODIS} 250~m {NDVI} data: An assessment for the U.S. Central Great Plains},
  journal   = {Remote Sensing of Environment},
  year      = {2008},
  volume    = {112},
  number    = {3},
  pages     = {1096--1116},
  month     = {mar},
  doi       = {10.1016/j.rse.2007.07.019},
  publisher = {Elsevier {BV}},
}

@Article{Idso1977,
  author    = {S. B. Idso and R. D. Jackson and R. J. Reginato},
  title     = {Remote-Sensing of Crop Yields},
  journal   = {Science},
  year      = {1977},
  volume    = {196},
  number    = {4285},
  pages     = {19--25},
  month     = {apr},
  doi       = {10.1126/science.196.4285.19},
  publisher = {American Association for the Advancement of Science ({AAAS})},
}

@Article{PaulJ.Pinter2003,
  author    = {Paul J. Pinter, Jr. and Jerry L. Hatfield and James S. Schepers and Edward M. Barnes and M. Susan Moran and Craig S.T. Daughtry and Dan R. Upchurch},
  title     = {Remote Sensing for Crop Management},
  journal   = {Photogrammetric Engineering {\&} Remote Sensing},
  year      = {2003},
  volume    = {69},
  number    = {6},
  pages     = {647--664},
  month     = {jun},
  doi       = {10.14358/pers.69.6.647},
  publisher = {American Society for Photogrammetry and Remote Sensing},
}

@Article{Mulla2013,
  author    = {David J. Mulla},
  title     = {Twenty five years of remote sensing in precision agriculture: Key advances and remaining knowledge gaps},
  journal   = {Biosystems Engineering},
  year      = {2013},
  volume    = {114},
  number    = {4},
  pages     = {358--371},
  month     = {apr},
  doi       = {10.1016/j.biosystemseng.2012.08.009},
  publisher = {Elsevier {BV}},
}

@Article{Hatfield2008,
  author    = {J. L. Hatfield and A. A. Gitelson and J. S. Schepers and C. L. Walthall},
  title     = {Application of Spectral Remote Sensing for Agronomic Decisions},
  journal   = {Agronomy Journal},
  year      = {2008},
  volume    = {100},
  number    = {Supplement{\_}3},
  pages     = {S--117},
  doi       = {10.2134/agronj2006.0370c},
  publisher = {American Society of Agronomy},
}

@Article{Lowenberg-DeBoer2019,
  author    = {James Lowenberg-DeBoer and Bruce Erickson},
  title     = {Setting the Record Straight on Precision Agriculture Adoption},
  journal   = {Agronomy Journal},
  year      = {2019},
  volume    = {111},
  number    = {4},
  pages     = {1552},
  doi       = {10.2134/agronj2018.12.0779},
  publisher = {American Society of Agronomy},
}

@Article{Matheron1963,
  author    = {Georges Matheron},
  title     = {Principles of geostatistics},
  journal   = {Economic Geology},
  year      = {1963},
  volume    = {58},
  number    = {8},
  pages     = {1246--1266},
  month     = {dec},
  doi       = {10.2113/gsecongeo.58.8.1246},
  publisher = {Society of Economic Geologists},
}

@Article{Wang2012,
  author    = {Jin-Feng Wang and A. Stein and Bin-Bo Gao and Yong Ge},
  title     = {A review of spatial sampling},
  journal   = {Spatial Statistics},
  year      = {2012},
  volume    = {2},
  pages     = {1--14},
  month     = {dec},
  doi       = {10.1016/j.spasta.2012.08.001},
  publisher = {Elsevier {BV}},
}

@Book{Haining2003,
  title     = {Spatial Data Analysis},
  publisher = {Cambridge University Press},
  year      = {2003},
  author    = {Robert Haining},
  doi       = {10.1017/cbo9780511754944},
}

@Article{Zhang2002,
  author    = {Naiqian Zhang and Maohua Wang and Ning Wang},
  title     = {Precision agriculture{\textemdash}a worldwide overview},
  journal   = {Computers and Electronics in Agriculture},
  year      = {2002},
  volume    = {36},
  number    = {2-3},
  pages     = {113--132},
  month     = {nov},
  doi       = {10.1016/s0168-1699(02)00096-0},
  publisher = {Elsevier {BV}},
}

@Comment{jabref-meta: databaseType:bibtex;}
